@online{Minecraft,
    author = {OpenAI},
    title = {Learning to play Minecraft with Video PreTraining},
    url = {https://openai.com/research/vpt},
    year = {2022}
}

@software{Gymnasium,
    author = {Towers, Mark and Terry, Jordan K and Kwiatkowski, Ariel and Balis, John U. and de Cola, Gianluca and Deleu, Tristan and Goulão, Manuel and Kallinteris, Andreas and KG, Arjun and Krimmel, Markus and Perez-Vicente, Rodrigo and Pierré, Andrea and Schulhoff, Sander and Tai, Jun Jet and Tan, Andrew Jin Shen and Younis, Omar G.},
    license = {MIT},
    title = {Gymnasium},
    url = {https://github.com/Farama-Foundation/Gymnasium}
}

@software{Cart-pole,
    author = {Towers, Mark and Terry, Jordan K and Kwiatkowski, Ariel and Balis, John U. and de Cola, Gianluca and Deleu, Tristan and Goulão, Manuel and Kallinteris, Andreas and KG, Arjun and Krimmel, Markus and Perez-Vicente, Rodrigo and Pierré, Andrea and Schulhoff, Sander and Tai, Jun Jet and Tan, Andrew Jin Shen and Younis, Omar G.},
    license = {MIT},
    title = {Cart Pole},
    url = {https://gymnasium.farama.org/environments/classic_control/cart_pole/}
}

https://gymnasium.farama.org/content/basic_usage/

@online{Human-level,
    author = {Mnih, Volodymyr and Kavukcuoglu, Koray and Silver, David and Rusu, Andrei A. and Veness, Joel and Bellemare, Marc G. and Graves, Alex and Riedmiller, Martin and Fidjeland, Andreas K. and Ostrovski, Georg and Petersen, Stig and Beattie, Charles and Sadik, Amir and Antonoglou, Ioannis and King, Helen and Kumaran, Dharshan and Wierstra, Daan and Legg, Shane and Hassabis, Demis},
    title = {Human-level control through deep reinforcement learning},
    url = {https://doi.org/10.1038/nature14236},
    year = {2015}
}

@article{Neuronlike,
    author = {Barto, Andrew G. and Sutton, Richard S. and Anderson, Charles W.},
    title = {Neuronlike Adaptive Elements That Can Solve Difficult Learning Control Problems},
    journal = {IEEE},
    year = {1983}
}